<record><leader>00000cas a2200000 a 4500</leader><controlfield tag="001">12760700</controlfield><controlfield tag="008">851105d18891894ksuwr ne      0    0eng d</controlfield><datafield ind1=" " ind2=" " tag="010"><subfield code="a">sn 85032625 </subfield></datafield><datafield ind1=" " ind2=" " tag="040"><subfield code="a">KSH</subfield><subfield code="b">eng</subfield><subfield code="c">KSH</subfield><subfield code="d">NPT</subfield><subfield code="d">OCL</subfield><subfield code="d">OCLCQ</subfield></datafield><datafield ind1=" " ind2=" " tag="019"><subfield code="a">226171771</subfield></datafield><datafield ind1=" " ind2=" " tag="042"><subfield code="a">msc</subfield></datafield><datafield ind1="0" ind2="5" tag="245"><subfield code="a">Alma news.</subfield></datafield><datafield ind1=" " ind2=" " tag="260"><subfield code="a">Alma, Kan. :</subfield><subfield code="b">[s.n.],</subfield><subfield code="c">1889-1894.</subfield></datafield><datafield ind1=" " ind2=" " tag="300"><subfield code="a">5 v. :</subfield><subfield code="b">ill. ;</subfield><subfield code="c">55 cm.</subfield></datafield><datafield ind1=" " ind2=" " tag="310"><subfield code="a">Weekly</subfield></datafield><datafield ind1="0" ind2=" " tag="362"><subfield code="a">Vol. 21, no. 42 (Dec. 26, 1889)-v. 25, no. 44 (Jan. 4, 1894).</subfield></datafield><datafield ind1=" " ind2=" " tag="500"><subfield code="a">Published by: People's Pub. Assn., Apr. 27, 1893; People's Pub. Assn. &amp; A.O. Grigsby, May 4, 1893-Jan. 4, 1894.</subfield></datafield><datafield ind1=" " ind2=" " tag="752"><subfield code="a">United States</subfield><subfield code="b">Kansas</subfield><subfield code="c">Wabaunsee</subfield><subfield code="d">Alma.</subfield></datafield><datafield ind1="0" ind2="0" tag="780"><subfield code="t">Wabaunsee County news</subfield><subfield code="w">(DLC)sn 85032624</subfield></datafield><datafield ind1="0" ind2="4" tag="785"><subfield code="t">Alma enterprise</subfield><subfield code="w">(DLC)sn 85032616</subfield></datafield><datafield ind1="1" ind2=" " tag="029"><subfield code="a">AU@</subfield><subfield code="b">000022166523</subfield></datafield></record>